@misc{Fluke_oscilloscope,
title = {Wat is een oscilloscoop?},
url = {https://www.fluke.com/nl-nl/informatie/blog/elektrisch/wat-is-een-oscilloscoop},
publisher = {Fluke},
author = {Fluke Corporation},
year = {2022},
date = {2023-01-09},
note = {Bezocht op 9 januari 2023}
}
@misc{Fluke_probes,
title = {Meetprobes},
url = {https://www.fluke.com/nl-nl/producten/accessoires/meetsnoeren},
publisher = {Fluke},
author = {Fluke Corporation},
year = {2022},
date = {2023-01-09},
note = {Bezocht op 9 januari 2023}
}
@book{Boylestad_1997,
title = {Electronic Devices and Circuit Theory},
author = {Boylestad, Robert L. and Nashelsky, Louis},
publisher = {Prentice Hall},
year = {1997},
doi = {10.1038/npg.els.0000032}
}
@book{boylestad1999electronic,
  title={Electronic Devices and Circuit Theory},
  author={Boylestad, R.L. and Nashelsky, L.},
  isbn={9780137692828},
  lccn={gb98067865},
  url={https://books.google.nl/books?id=TRBTAAAAMAAJ},
  year={1999},
  publisher={Prentice Hall}
}
@book{witte2002electronic,
  title={Electronic Test Instruments: Analog and Digital Measurements, 2nd Edition},
  author={Witte, Robert A.},
  publisher={Prentice Hall},
  year={2002},
}
@misc{buckley2022whatisabreadboard,
  title={What is a Breadboard?},
  author={Ian Buckley},
  url={https://www.makeuseof.com/tag/what-is-breadboard/},
  year={2022},
}
@misc{patgenwp,
  title={PatGen},
  author={Byte Paradigm},
  url={http://www.byteparadigm.com/files/documents/PatGenWP.pdf},
  year={2021},
}
@misc{edumedia503,
  title={Tijdconstante},
  author={EduMedia Sciences},
  url={https://www.edumedia-sciences.com/nl/media/503-tijdconstante},
  year={2021},
}
@article{Schagrin1963,
   author = {Morton L Schagrin},
   issn = {0002-9505},
   issue = {7},
   journal = {American Journal of Physics},
   pages = {536-547},
   publisher = {American Association of Physics Teachers},
   title = {Resistance to Ohm's law},
   volume = {31},
   year = {1963},
}
@book{bird2010electrical,
  title={Electrical and Electronic Principles and Technology},
  author={Bird, J.O.},
  isbn={9780080890562},
  lccn={2007932953},
  url={https://books.google.nl/books?id=A1tAHm\_5sl0C},
  year={2010},
  publisher={Newnes}
}
@misc{frequencyresponse,
  title={frequencyresponse},
  author={sciencedirect},
  url={https://www.sciencedirect.com/topics/engineering/frequency-response-curve},
  year={2022},
}
@misc{electronics_tutorials_lowpass,
  title={Low pass filters},
  author={Electronics Tutorials},
  year={2022},
  url={https://www.electronics-tutorials.ws/filter/filter_2.html}
}
@misc{electronics_tutorials_highpass,
  title={High pass filters},
  author={Electronics Tutorials},
  year={2022},
  url={https://www.electronics-tutorials.ws/filter/filter_3.html}
}