@misc{hps-systemtechnik_ds_DIGI,
  author = "{HPS SystemTechnik GmbH}",
  title = "{3910 DIGI BOARD 2 Datasheet}",
  howpublished = "\url{https://hps-systemtechnik.com/wp-content/uploads/content/english/3910.pdf}",
  year = {2014},
  note = {Accessed on [29-4-2023]}
}

@misc{hps-systemtechnik,
  title = {HPS SystemTechnik},
  howpublished = {Website},
  url = {https://hps-systemtechnik.com},
  note = {Accessed: [29-4-2023]}
}

@misc{hps-systemtechnik_ds_ic,
  title = {{DIGI BOARD 2 (Type 3530) Datasheet}},
  author = {{HPS SystemTechnik GmbH}},
  howpublished = {\url{https://hps-systemtechnik.com/wp-content/uploads/content/english/3530.pdf}},
  year = {2014},
  note = {Accessed on [29-4-2023]}
}

@book{Copi2016,
  doi = {10.4324/9781315510897},
  url = {https://doi.org/10.4324/9781315510897},
  year = {2016},
  month = sep,
  publisher = {Routledge},
  author = {Irving M. Copi and Carl Cohen and Kenneth McMahon},
  title = {Introduction to Logic}
}

@misc{electricalengineering123,
  title = {Logische basispoorten},
  howpublished = {Website},
  url = {https://electricalengineering123.com/logic-gates-xor-nand-nor-and-gate-truth-table/},
  note = {Accessed: [30-4-2023]}
}
@misc{weyt,
  title = {Booleaanse Wetten},
  howpublished = {Website},
  url = {https://www.mi.mun.ca/users/cchaulk/misc/boolean.htm},
  note = {Accessed: [7-5-2023]}
}
@misc{truth1,
  title = {3.2.5 Truth Tables for Arguments},
  author = {iLogic},
  year = {2008},
  howpublished = {bit.ly/3Vr0aSf},
  note = {Accessed: [2-5-2023]}
}

@article{truth2,
  doi = {10.2307/2370324},
  url = {https://doi.org/10.2307/2370324},
  year = {1921},
  month = jul,
  publisher = {{JSTOR}},
  volume = {43},
  number = {3},
  pages = {163},
  author = {Emil L. Post},
  title = {Introduction to a General Theory of Elementary Propositions},
  journal = {American Journal of Mathematics}
}
@article{Karnaugh1953,
  doi = {10.1109/tce.1953.6371932},
  url = {https://doi.org/10.1109/tce.1953.6371932},
  year = {1953},
  publisher = {Institute of Electrical and Electronics Engineers ({IEEE})},
  volume = {72},
  number = {5},
  pages = {593--599},
  author = {M. Karnaugh},
  title = {The map method for synthesis of combinational logic circuits},
  journal = {Transactions of the American Institute of Electrical Engineers,  Part I: Communication and Electronics}
}
@article{Flowers1983,
  doi = {10.1109/mahc.1983.10079},
  url = {https://doi.org/10.1109/mahc.1983.10079},
  year = {1983},
  month = jul,
  publisher = {Institute of Electrical and Electronics Engineers ({IEEE})},
  volume = {5},
  number = {3},
  pages = {239--252},
  author = {Thomas H. Flowers},
  title = {The Design of Colossus (foreword by Howard Campaigne)},
  journal = {{IEEE} Annals of the History of Computing}
}
@misc{7seg,
  title = {Quick-Start: Driving 7-Segment Displays with the MAX6954},
  author = {Analog devices},
  howpublished = {https://www.analog.com/en/design-notes/quickstart-driving-7segment-displays-with-the-max6954.html},
  note = {Accessed: [30-5-2023]}
}
@book{1lol,
  title={Digital Logic Design},
  author={Holdsworth, B. and Woods, C.},
  isbn={9780080477305},
  url={https://books.google.nl/books?id=o7enSwSVvgYC},
  year={2002},
  publisher={Elsevier Science}
}
@misc{schuifregister,
  title = {Voorstelling van de werking van een schuifregister},
  author = {docplayer en Gerda van der Horst},
  howpublished = {https://docplayer.nl/8228989-Fig-6-1-voorstelling-van-de-werking-van-een-schuifregister.html},
  note = {Accessed: [3-6-2023]}
}
@misc{schmit,
  title = {What is Schmitt Trigger and How It Works},
  author = {howtomechatronics},
  howpublished = {https://howtomechatronics.com/how-it-works/electrical-engineering/schmitt-trigger/},
  note = {Accessed: [4-6-2023]}
}